@ARTICLE{lammer:2007,
       author = {{Lammer}, Helmut and {Lichtenegger}, Herbert I.~M. and
         {Kulikov}, Yuri N. and {Grie{\ss}meier}, Jean-Mathias and {Terada}, N. and
         {Erkaev}, Nikolai V. and {Biernat}, Helfried K. and
         {Khodachenko}, Maxim L. and {Ribas}, Ignasi and {Penz}, Thomas and
         {Selsis}, Franck},
        title = "{Coronal Mass Ejection (CME) Activity of Low Mass M Stars as An Important Factor for The Habitability of Terrestrial Exoplanets. II. CME-Induced Ion Pick Up of Earth-like Exoplanets in Close-In Habitable Zones}",
      journal = {Astrobiology},
         year = 2007,
        month = feb,
       volume = {7},
       number = {1},
        pages = {185-207},
          doi = {10.1089/ast.2006.0128},
       adsurl = {https://ui.adsabs.harvard.edu/abs/2007AsBio...7..185L},
      adsnote = {Provided by the SAO/NASA Astrophysics Data System}
}

@ARTICLE{venot:2016,
       author = {{Venot}, Olivia and {Rocchetto}, Marco and {Carl}, Shaun and
         {Roshni Hashim}, Aysha and {Decin}, Leen},
        title = "{Influence of Stellar Flares on the Chemical Composition of Exoplanets and Spectra}",
      journal = {\apj},
     keywords = {astrochemistry, planets and satellites: atmospheres, planets and satellites: composition, stars: flare, Astrophysics - Earth and Planetary Astrophysics},
         year = 2016,
        month = oct,
       volume = {830},
       number = {2},
          eid = {77},
        pages = {77},
          doi = {10.3847/0004-637X/830/2/77},
archivePrefix = {arXiv},
       eprint = {1607.08147},
 primaryClass = {astro-ph.EP},
       adsurl = {https://ui.adsabs.harvard.edu/abs/2016ApJ...830...77V},
      adsnote = {Provided by the SAO/NASA Astrophysics Data System}
}

@ARTICLE{guenther:2019,
       author = {{G{\"u}nther}, Maximilian N. and {Zhan}, Zhuchang and {Seager}, Sara and
         {Rimmer}, Paul B. and {Ranjan}, Sukrit and {Stassun}, Keivan G. and
         {Oelkers}, Ryan J. and {Daylan}, Tansu and {Newton}, Elisabeth and
         {Gillen}, Edward and {Rappaport}, Saul and {Ricker}, George R. and
         {Latham}, David W. and {Winn}, Joshua N. and {Jenkins}, Jon M. and
         {Glidden}, Ana and {Fausnaugh}, Michael and {Levine}, Alan M. and
         {Dittmann}, Jason A. and {Quinn}, Samuel N. and
         {Krishnamurthy}, Akshata and {Ting}, Eric B.},
        title = "{Stellar Flares from the First Tess Data Release: Exploring a New Sample of M-dwarfs}",
      journal = {arXiv e-prints},
     keywords = {Astrophysics - Earth and Planetary Astrophysics},
         year = "2019",
        month = "Jan",
          eid = {arXiv:1901.00443},
        pages = {arXiv:1901.00443},
archivePrefix = {arXiv},
       eprint = {1901.00443},
 primaryClass = {astro-ph.EP},
       adsurl = {https://ui.adsabs.harvard.edu/abs/2019arXiv190100443G},
      adsnote = {Provided by the SAO/NASA Astrophysics Data System}
}